<?xml version="1.0" encoding="UTF-8"?><collection xmlns="http://www.loc.gov/MARC21/slim"><record><leader>00535nam--2200193-i-4500</leader><controlfield tag="001">000001718</controlfield><controlfield tag="002">20161230</controlfield><controlfield tag="005">20161230201024</controlfield><controlfield tag="008">060222s1000------------r-----000-0-eng-d</controlfield><datafield ind1=" " ind2=" " tag="020"><subfield code="a">0471302805</subfield></datafield><datafield ind1=" " ind2=" " tag="040"><subfield code="a">IFIN-HH</subfield></datafield><datafield ind1=" " ind2=" " tag="080"><subfield code="a">536.75</subfield></datafield><datafield ind1="1" ind2=" " tag="100"><subfield code="a">Glansdorff, P</subfield></datafield><datafield ind1="1" ind2="0" tag="245"><subfield code="a">Thermodynamic theory of structure, stability and fluctuations</subfield><subfield code="c">P. glansdorff; i. prigogine</subfield></datafield><datafield ind1=" " ind2=" " tag="260"><subfield code="a">London</subfield><subfield code="b">Wiley-interscience</subfield><subfield code="c">1971</subfield></datafield><datafield ind1=" " ind2=" " tag="300"><subfield code="a">XXIII + 306 P</subfield></datafield><datafield ind1="1" ind2=" " tag="700"><subfield code="a">Prigogine, I</subfield></datafield><datafield ind1=" " ind2=" " tag="852"><subfield code="a">36544</subfield><subfield code="c">536.7</subfield></datafield><datafield ind1=" " ind2=" " tag="CAT"><subfield code="a">Sys</subfield><subfield code="c">20110517</subfield><subfield code="h">153710</subfield></datafield></record></collection>